<?xml version="1.0" encoding="UTF-8"?><collection xmlns="http://www.loc.gov/MARC21/slim"><record><leader>00315nam--2200121-i-4500</leader><controlfield tag="001">000037415</controlfield><controlfield tag="002">20161230</controlfield><controlfield tag="005">20161230201041</controlfield><controlfield tag="008">060222s1000------------r-----000-0-eng-d</controlfield><datafield ind1=" " ind2=" " tag="245"><subfield code="a">Progress in industrial gas chromatography</subfield></datafield><datafield ind1=" " ind2=" " tag="260"><subfield code="a">New York, Plenum Press, 1961. 235p</subfield></datafield><datafield ind1=" " ind2=" " tag="700"><subfield code="a">Herman A.Szymanski</subfield></datafield><datafield ind1=" " ind2=" " tag="852"><subfield code="a">18595</subfield></datafield></record></collection>